@InProceedings{Rusu_ICRA2011_PCL,
  author    = {Radu Bogdan Rusu and Steve Cousins},
  title     = {{3D is here: Point Cloud Library (PCL)}},
  booktitle = {{IEEE International Conference on Robotics and Automation (ICRA)}},
  month     = {May 9-13},
  year      = {2011},
  address   = {Shanghai, China}
}

@phdthesis{merten2008three,
  title     = {The three-dimensional normal-distributions transform},
  author    = {Merten, Heinz},
  year      = {2008},
  publisher = {{\"O}rebro University}
}

@misc{eigenweb,
  author       = {Ga\"{e}l Guennebaud and Beno\^{i}t Jacob and others},
  title        = {Eigen v3},
  howpublished = {http://eigen.tuxfamily.org},
  year         = {2010}
}

@misc{BoostLibs,
  title        = {Boost C++ Libraries},
  howpublished = {\url{http://www.boost.org}},
  note         = {Last accessed: 25/04/2017}
}

@misc{CMake,
  author       = {Kitware},
  title        = {CMake},
  howpublished = {\url{https://cmake.org/}},
  note         = {Last accessed: 25/04/2017}
}

