%
% Related work
%

@inproceedings{Phung2016,
  title        = {Automatic interpretation of unordered point cloud data for UAV navigation in construction},
  author       = {Phung, Manh Duong and Quach, CH and Chu, DT and Nguyen, NQ and Dinh, TH and Ha, QP},
  booktitle    = {Control, Automation, Robotics and Vision (ICARCV), 2016 14th International Conference on},
  pages        = {1--6},
  year         = {2016},
  organization = {IEEE}
}

@article{Whelan2012,
  title  = {Kintinuous: Spatially extended kinectfusion},
  author = {Whelan, Thomas and Kaess, Michael and Fallon, Maurice and Johannsson, Hordur and Leonard, John and McDonald, John},
  year   = {2012}
}

  %
  % Point cloud manipulation
  %

@InProceedings{Rusu_ICRA2011_PCL,
  author    = {Radu Bogdan Rusu and Steve Cousins},
  title     = {{3D is here: Point Cloud Library (PCL)}},
  booktitle = {{IEEE International Conference on Robotics and Automation (ICRA)}},
  month     = {May 9-13},
  year      = {2011},
  address   = {Shanghai, China}
}

@phdthesis{Magnusson2008,
  title     = {The Three-Dimensional Normal-Distributions Transform},
  author    = {Magnusson, Martin},
  year      = {2009},
  publisher = {{\"O}rebro University}
}

@article{Chen1992,
  title = "Object modelling by registration of multiple range images",
  journal = "Image and Vision Computing",
  volume = "10",
  number = "3",
  pages = "145 - 155",
  year = "1992",
  author = "Yang Chen and GÃ©rard Medioni"
}

@inproceedings{Rusu2009,
  title={Fast point feature histograms (FPFH) for 3D registration},
  author={Rusu, Radu Bogdan and Blodow, Nico and Beetz, Michael},
  booktitle={Robotics and Automation, 2009. ICRA'09. IEEE International Conference on},
  pages={3212--3217},
  year={2009},
  organization={IEEE}
}

@inproceedings{Lowe1999,
  title={Object recognition from local scale-invariant features},
  author={Lowe, David G},
  booktitle={Computer vision, 1999. The proceedings of the seventh IEEE international conference on},
  volume={2},
  pages={1150--1157},
  year={1999},
  organization={Ieee}
}

@inproceedings{Biber2003,
  title        = {The normal distributions transform: A new approach to laser scan matching},
  author       = {Biber, Peter and Stra{\ss}er, Wolfgang},
  booktitle    = {Intelligent Robots and Systems, 2003.(IROS 2003). Proceedings. 2003 IEEE/RSJ International Conference on},
  volume       = {3},
  pages        = {2743--2748},
  year         = {2003},
  organization = {IEEE}
}

@inproceedings{Besl1992,
  title        = {A Method for registration of 3-D shapes},
  author       = {Besl, Paul J and McKay, Neil D},
  booktitle    = {Robotics-DL tentative},
  pages        = {586--606},
  year         = {1992},
  organization = {International Society for Optics and Photonics}
}

@inproceedings{Rusinkiewicz2001,
  title        = {Efficient variants of the ICP algorithm},
  author       = {Rusinkiewicz, Szymon and Levoy, Marc},
  booktitle    = {3-D Digital Imaging and Modeling, 2001. Proceedings. Third International Conference on},
  pages        = {145--152},
  year         = {2001},
  organization = {IEEE}
}

@article{Holz2015,
  title     = {Registration with the point cloud library: a modular framework for aligning in 3-D},
  author    = {Holz, Dirk and Ichim, Alexandru E and Tombari, Federico and Rusu, Radu B and Behnke, Sven},
  journal   = {IEEE Robotics \& Automation Magazine},
  volume    = {22},
  number    = {4},
  pages     = {110--124},
  year      = {2015},
  publisher = {IEEE}
}

@article{Fischler1981,
 title={Random sample consensus: a paradigm for model fitting with applications to image analysis and automated cartography},
  author={Fischler, Martin A and Bolles, Robert C},
  journal={Communications of the ACM},
  volume={24},
  number={6},
  pages={381--395},
  year={1981},
  publisher={ACM}
}

@article{Horn1987,
  title={Closed-form solution of absolute orientation using unit quaternions},
  author={Horn, Berthold KP},
  journal={JOSA A},
  volume={4},
  number={4},
  pages={629--642},
  year={1987},
  publisher={Optical Society of America}
}

  %
  % IMU manipulation
  %

@inproceedings{Madgwick2011,
  year      = {2011},
  month     = {jun},
  publisher = {{IEEE}},
  author    = {S. O. H. Madgwick and A. J. L. Harrison and R. Vaidyanathan},
  title     = {Estimation of {IMU} and {MARG} orientation using a gradient descent algorithm},
  booktitle = {2011 {IEEE} International Conference on Rehabilitation Robotics}
}

@article{Varesano2011,
  title   = {Using arduino for tangible human computer interaction},
  author  = {Varesano, Fabio},
  journal = {Universit{\'a} degli Studi di Torino},
  year    = {2011}
}

@misc{nxp_AppNote_AN3397,
  title        = {Application Note AN3397},
  author       = {NXP Semiconductors},
  howpublished = {\url{http://www.nxp.com/assets/documents/data/en/application-notes/AN3397.pdf}},
  note         = {Last accessed: 10/05/2017}
}

  %
  % Code libraries
  %

@misc{i2cdevlib,
  title        = {I2C Device Libraries},
  howpublished = {\url{https://www.i2cdevlib.com}},
  note         = {Last accessed: 05/05/2017}
}

@misc{eigenweb,
  author       = {Ga\"{e}l Guennebaud and Beno\^{i}t Jacob and others},
  title        = {Eigen v3},
  howpublished = {http://eigen.tuxfamily.org},
  year         = {2010}
}

@misc{BoostLibs,
  title        = {Boost C++ Libraries},
  howpublished = {\url{http://www.boost.org}},
  note         = {Last accessed: 25/04/2017}
}

@misc{CMake,
  author       = {Kitware},
  title        = {CMake},
  howpublished = {\url{https://cmake.org}},
  note         = {Last accessed: 25/04/2017}
}

@misc{serial_lib,
  title        = {serial},
  howpublished = {\url{https://github.com/wjwwood/serial}},
  note         = {Last accessed: 06/05/2017}
}

@misc{spdlog,
  title        = {spdlog},
  howpublished = {\url{https://github.com/gabime/spdlog}},
  note         = {Last accessed: 06/05/2017}
}

@misc{PCLPCDViewer,
  title        = {PCL: pcd\_viewer.cpp},
  howpublished = {\url{https://github.com/PointCloudLibrary/pcl/blob/0c44b5df4345c945810c8a96d047b6cb325eed0d/visualization/tools/pcd_viewer.cpp}},
  note         = {Last accessed: 06/05/2017}
}

@misc{libopencm3,
  title        = {libopencm3},
  howpublished = {\url{https://github.com/libopencm3/libopencm3}},
  note         = {Last accessed: 09/05/2017}
}

@misc{perkins_fir_filters,
  title        = {A C++ class to implement low-pass, high-pass, and band-pass filters},
  author       = {Perkins, Mike},
  howpublished = {\url{https://cardinalpeak.com/blog/a-c-class-to-implement-low-pass-high-pass-and-band-pass-filters/}},
  note         = {Last accessed: 12/05/2017}
}

  %
  % Hardware
  %

@misc{teensy32,
  title        = {Teensy 3.1 \& 3.2},
  howpublished = {\url{https://www.pjrc.com/teensy/teensy31.html}},
  note         = {Last accessed: 05/05/2017}
}

@misc{mpu6000_datasheet,
  title        = {MPU6000 datasheet},
  author       = {InvenSense},
  howpublished = {\url{https://www.invensense.com/wp-content/uploads/2015/02/MPU-6000-Datasheet1.pdf}},
  note         = {Last accessed: 12/05/2017}
}
