@mastersthesis{Engelmann2011,
  title  = {FabScan: Affordable 3D Laser Scanning of Physical Objects},
  author = {Francis Engelmann},
  type   = "{BS Thesis}",
  year   = {2011},
  school = {Computing Science Department, RWTH Aachen University}
}

@misc{Gu2014,
  author = {Qing Gu and Kyriakos Herakleous and Charalambos Poullis},
  title  = {3DUNDERWORLD-SLS: An Open-Source Structured-Light Scanning System for Rapid Geometry Acquisition},
  year   = {2014},
  eprint = {arXiv:1406.6595}
}

@inproceedings{Pauly2005,
  title     = {Example-based 3D scan completion},
  author    = {Pauly, Mark and Mitra, Niloy J and Giesen, Joachim and Gross, Markus H and Guibas, Leonidas J},
  booktitle = {Symposium on Geometry Processing},
  number    = {EPFL-CONF-149337},
  pages     = {23--32},
  year      = {2005}
}

@inproceedings{Wu2013,
  title        = {Towards linear-time incremental structure from motion},
  author       = {Wu, Changchang},
  booktitle    = {3DTV-Conference, 2013 International Conference on},
  pages        = {127--134},
  year         = {2013},
  organization = {IEEE}
}

@inproceedings{Snavely2006,
  title        = {Photo tourism: exploring photo collections in 3D},
  author       = {Snavely, Noah and Seitz, Steven M and Szeliski, Richard},
  booktitle    = {ACM transactions on graphics (TOG)},
  volume       = {25},
  number       = {3},
  pages        = {835--846},
  year         = {2006},
  organization = {ACM}
}

@inproceedings{Wu2011,
  title        = {Multicore bundle adjustment},
  author       = {Wu, Changchang and Agarwal, Sameer and Curless, Brian and Seitz, Steven M},
  booktitle    = {Computer Vision and Pattern Recognition (CVPR), 2011 IEEE Conference on},
  pages        = {3057--3064},
  year         = {2011},
  organization = {IEEE}
}

@article{Lowe2004,
  title     = {Distinctive image features from scale-invariant keypoints},
  author    = {Lowe, David G},
  journal   = {International journal of computer vision},
  volume    = {60},
  number    = {2},
  pages     = {91--110},
  year      = {2004},
  publisher = {Springer}
}

@article{Agarwal2011,
  title     = {Building rome in a day},
  author    = {Agarwal, Sameer and Furukawa, Yasutaka and Snavely, Noah and Simon, Ian and Curless, Brian and Seitz, Steven M and Szeliski, Richard},
  journal   = {Communications of the ACM},
  volume    = {54},
  number    = {10},
  pages     = {105--112},
  year      = {2011},
  publisher = {ACM}
}

@inproceedings{Izadi2011,
  title        = {KinectFusion: real-time 3D reconstruction and interaction using a moving depth camera},
  author       = {Izadi, Shahram and Kim, David and Hilliges, Otmar and Molyneaux, David and Newcombe, Richard and Kohli, Pushmeet and Shotton, Jamie and Hodges, Steve and Freeman, Dustin and Davison, Andrew and others},
  booktitle    = {Proceedings of the 24th annual ACM symposium on User interface software and technology},
  pages        = {559--568},
  year         = {2011},
  organization = {ACM}
}

@article{Whelan2012,
  title  = {Kintinuous: Spatially extended kinectfusion},
  author = {Whelan, Thomas and Kaess, Michael and Fallon, Maurice and Johannsson, Hordur and Leonard, John and McDonald, John},
  year   = {2012}
}

@article{Whelan2015,
  title     = {Real-time large-scale dense RGB-D SLAM with volumetric fusion},
  author    = {Whelan, Thomas and Kaess, Michael and Johannsson, Hordur and Fallon, Maurice and Leonard, John J and McDonald, John},
  journal   = {The International Journal of Robotics Research},
  volume    = {34},
  number    = {4-5},
  pages     = {598--626},
  year      = {2015},
  publisher = {Sage Publications Sage UK: London, England}
}

@misc{HP3DScan,
  title        = {HP 3D Scan},
  howpublished = {\url{http://david-3d.com}},
  note         = {Accessed: 14/03/2015}
}

@misc{Autodesk123DCatch,
  title        = {Autodesk 123D Catch},
  howpublished = {\url{http://www.123dapp.com/catch}},
  note         = {Accessed: 15/03/2015}
}

@inproceedings{Rusinkiewicz2001,
  title        = {Efficient variants of the ICP algorithm},
  author       = {Rusinkiewicz, Szymon and Levoy, Marc},
  booktitle    = {3-D Digital Imaging and Modeling, 2001. Proceedings. Third International Conference on},
  pages        = {145--152},
  year         = {2001},
  organization = {IEEE}
}

@InProceedings{Rusu_ICRA2011_PCL,
  author    = {Radu Bogdan Rusu and Steve Cousins},
  title     = {{3D is here: Point Cloud Library (PCL)}},
  booktitle = {{IEEE International Conference on Robotics and Automation (ICRA)}},
  month     = {May 9-13},
  year      = {2011},
  address   = {Shanghai, China}
}

@InProceedings{Marton09ICRA,
  author    = {Zoltan Csaba Marton and Radu Bogdan Rusu and Michael Beetz},
  title     = {{On Fast Surface Reconstruction Methods for Large and Noisy Datasets}},
  booktitle = {Proceedings of the IEEE International Conference on Robotics and Automation (ICRA)},
  month     = {May 12-17},
  year      = {2009},
  address   = {Kobe, Japan},
}

@PhDThesis{RusuDoctoralDissertation,
  author = {Radu Bogdan Rusu},
  title  = {Semantic 3D Object Maps for Everyday Manipulation in Human Living Environments},
  school = {Computer Science department, Technische Universitaet Muenchen, Germany},
  year   = {2009},
  month  = {October}
}

@phdthesis{Zhao2011,
  title  = {GPS/IMU integrated system for land vehicle navigation based on MEMS},
  author = {Zhao, Yueming},
  year   = {2011},
  school = {KTH Royal Institute of Technology}
}

@inproceedings{Luinge1999,
  title        = {Estimation of orientation with gyroscopes and accelerometers},
  author       = {Luinge, Henk J and Veltink, Peter H and Baten, Chris TM},
  booktitle    = {[Engineering in Medicine and Biology, 1999. 21st Annual Conference and the 1999 Annual Fall Meetring of the Biomedical Engineering Society] BMES/EMBS Conference, 1999. Proceedings of the First Joint},
  volume       = {2},
  pages        = {844--vol},
  year         = {1999},
  organization = {IEEE}
}

@inproceedings{Widodo2014,
  title        = {Complementary filter for orientation estimation: Adaptive gain based on dynamic acceleration and its change},
  author       = {Widodo, Romy Budhi and Edayoshi, Hiraku and Wada, Chikamune},
  booktitle    = {Soft Computing and Intelligent Systems (SCIS), 2014 Joint 7th International Conference on and Advanced Intelligent Systems (ISIS), 15th International Symposium on},
  pages        = {906--909},
  year         = {2014},
  organization = {IEEE}
}

@article{Kalman1960,
  Author  = {Kalman, Rudolph Emil},
  Title   = {A New Approach to Linear Filtering and Prediction Problems},
  Journal = {Transactions of the ASME--Journal of Basic Engineering},
  Volume  = {82},
  Number  = {Series D},
  Pages   = {35--45},
  Year    = {1960}
}

@inproceedings{Calusdian2011,
  title        = {Adaptive-gain complementary filter of inertial and magnetic data for orientation estimation},
  author       = {Calusdian, James and Yun, Xiaoping and Bachmann, Eric},
  booktitle    = {Robotics and Automation (ICRA), 2011 IEEE International Conference on},
  pages        = {1916--1922},
  year         = {2011},
  organization = {IEEE}
}

@inproceedings{Besl1992,
  title        = {A Method for registration of 3-D shapes},
  author       = {Besl, Paul J and McKay, Neil D},
  booktitle    = {Robotics-DL tentative},
  pages        = {586--606},
  year         = {1992},
  organization = {International Society for Optics and Photonics}
}

@inproceedings{Kot2016,
  title        = {Visualization of point clouds built from 3D scanning in coal mines},
  author       = {Kot, Tom{\'a}{\v{s}} and Nov{\'a}k, Petr and Babjak, Jan},
  booktitle    = {Carpathian Control Conference (ICCC), 2016 17th International},
  pages        = {372--377},
  year         = {2016},
  organization = {IEEE}
}

@article{Onori2008,
  title     = {Car manufacturer uses novel laser scanner to reduce time to production},
  author    = {Onori, Mauro and Bogue, Robert},
  journal   = {Assembly Automation},
  volume    = {28},
  number    = {2},
  pages     = {113--114},
  year      = {2008},
  publisher = {Emerald Group Publishing Limited}
}

@article{Huang2011,
  title     ={Leveraging motion capture and 3D scanning for high-fidelity facial performance acquisition},
  author    ={Huang, Haoda and Chai, Jinxiang and Tong, Xin and Wu, Hsiang-Tao},
  journal   ={ACM Transactions on Graphics (TOG)},
  volume    ={30},
  number    ={4},
  pages     ={74},
  year      ={2011},
  publisher = {ACM}
}

@article{Gautier2016,
  title  = {3D Reconstruction Using Tango},
  author = {Gautier, Quentin and Lee, Steven and Son, Sungwook and Yu, Jin},
  month  = {June},
  year   = {2016}
}

@misc{ProjectTango,
  title        = {Tango},
  howpublished = {\url{https://developers.google.com/tango}},
  note         = {Accessed: 17/03/2015}
}

